<record><leader>00000cas a2200000 a 4500</leader><controlfield tag="001">15025389</controlfield><controlfield tag="008">861230d18911892miuwr ne      0    0eng c</controlfield><datafield ind1=" " ind2=" " tag="010"><subfield code="a">sn 86086916 </subfield></datafield><datafield ind1=" " ind2=" " tag="040"><subfield code="a">NPV</subfield><subfield code="b">eng</subfield><subfield code="c">NPV</subfield><subfield code="d">MHN</subfield><subfield code="d">OCL</subfield><subfield code="d">OCLCQ</subfield><subfield code="d">OCLCF</subfield><subfield code="d">OCLCO</subfield></datafield><datafield ind1="1" ind2=" " tag="029"><subfield code="a">AU@</subfield><subfield code="b">000025831891</subfield></datafield><datafield ind1=" " ind2=" " tag="042"><subfield code="a">pcc</subfield></datafield><datafield ind1=" " ind2=" " tag="043"><subfield code="a">n-us-mi</subfield></datafield><datafield ind1="0" ind2="4" tag="245"><subfield code="a">The Iron range.</subfield></datafield><datafield ind1=" " ind2=" " tag="260"><subfield code="a">Iron Mountain, Mich. :</subfield><subfield code="b">Robert P. Tuten,</subfield><subfield code="c">1891-1892.</subfield></datafield><datafield ind1=" " ind2=" " tag="300"><subfield code="a">v.</subfield></datafield><datafield ind1=" " ind2=" " tag="310"><subfield code="a">Weekly</subfield></datafield><datafield ind1="0" ind2=" " tag="362"><subfield code="a">Vol. 13, no. 9 (May 21, 1891)-v. 14, no. 32 (Oct. 27, 1892) = whole no. 623-whole no. 666.</subfield></datafield><datafield ind1=" " ind2=" " tag="525"><subfield code="a">Supplements accompany some issues.</subfield></datafield><datafield ind1=" " ind2=" " tag="580"><subfield code="a">Merged with: Iron Mountain tribune &lt;title uncertain&gt;, to form: Range-tribune.</subfield></datafield><datafield ind1=" " ind2="0" tag="651"><subfield code="a">Iron Mountain (Mich.)</subfield><subfield code="v">Newspapers.</subfield></datafield><datafield ind1=" " ind2="0" tag="651"><subfield code="a">Dickinson County (Mich.)</subfield><subfield code="v">Newspapers.</subfield></datafield><datafield ind1=" " ind2="7" tag="655"><subfield code="a">Newspapers.</subfield><subfield code="2">fast</subfield><subfield code="0">(OCoLC)fst01423814</subfield></datafield><datafield ind1=" " ind2="7" tag="651"><subfield code="a">Michigan</subfield><subfield code="z">Dickinson County.</subfield><subfield code="2">fast</subfield><subfield code="0">(OCoLC)fst01214780</subfield></datafield><datafield ind1=" " ind2="7" tag="651"><subfield code="a">Michigan</subfield><subfield code="z">Iron Mountain.</subfield><subfield code="2">fast</subfield><subfield code="0">(OCoLC)fst01204814</subfield></datafield><datafield ind1=" " ind2=" " tag="752"><subfield code="a">United States</subfield><subfield code="b">Michigan</subfield><subfield code="c">Dickinson</subfield><subfield code="d">Iron Mountain.</subfield></datafield><datafield ind1="0" ind2="0" tag="780"><subfield code="t">Menominee range</subfield><subfield code="w">(DLC)sn 83025255</subfield><subfield code="w">(OCoLC)9356159</subfield></datafield><datafield ind1="1" ind2="7" tag="785"><subfield code="t">Iron Mountain tribune</subfield></datafield><datafield ind1="1" ind2="7" tag="785"><subfield code="t">Range-tribune</subfield><subfield code="w">(DLC)sn 86086917</subfield><subfield code="w">(OCoLC)95025419</subfield></datafield></record>